@ARTICLE{Tsoumakas,
  key          = {Tsoumakas e Katakis, 2007},
  author       = {Grigorios Tsoumakas, Ioannis Katakis},
  year         = 2007,
  title        = {Multi-Label Classification: An Overview},
  journal      = {International Journal of Data Warehousing and Mining},
  volume       = 3,
  pages        = {1--13}
}

@ARTICLE{Read,
  key          = {Read et al.,2009},
  author       = {Jesse Read, Bernhard Pfahringer, Geoff Holmes, Eibe Frank},
  year         = 2009,
  title        = {Classifier Chains for Multi-label Classification},
  journal      = {Proc 13th European Conference on Principles and Practice of Knowledge Discovery in Databases and 20th European Conference on Machine Learning 2009}
}

@ARTICLE{Godbole,
  key          = {Godbole e Sarawagi, 2004},
  author       = {Shantanu Godbole, Sunita Sarawagi},
  year         = 2004,
  title        = {Discriminative methods for multi-labeled classification},
  journal      = {PAKDD ’04: 8th Pacific-Asia Conference on Knowledge Discovery and Data Mining},
  volume       = ,
  pages        = {22--30}
}

@ARTICLE{Zhang,
  key          = {Zhang e Zhou, 2005},
  author       = {Min-Ling Zhang, Zhi-Hua Zhou},
  year         = 2005,
  title        = {A k-nearest neighbor based algorithm for multi-label classification},
  journal      = {GnC ’05: IEEE International Conference on Granular Computing},
  volume       = ,
  pages        = {718--721}
}

@ARTICLE{Tsoumakas02,
  key          = {Tsoumakas e Vlahavas, 2007},
  author       = {Grigorios Tsoumakas, Ioannis P. Vlahavas},
  year         = 2007,
  title        = {Random k-l406–417abelsets: An ensemble method for multilabel classification},
  journal      = {ECML ’07: 18th European Conference on Machine Learning},
  volume       = ,
  pages        = {406--417}
}

@ARTICLE{Read02,
  key          = {Read et al., 2008},
  author       = {Jesse Read, Bernhard Pfahringer, Geoff Holmes},
  year         = 2008,
  title        = {Multi-label classification using ensembles of pruned sets},
  journal      = {ICDM’08: Eighth IEEE International Conferenceon Data Mining},
  volume       = ,
  pages        = {995--1000}
}

@ARTICLE{Tsoumakas03,
  key          = {Tsoumakas et al., 2007},
  author       = {Grigorios Tsoumakas, Ioannis Katakis, Ioannis Vlahavas},
  year         = 2007,
  title        = {Random k-labelsets: An ensemble method for multilabel classification},
  journal      = {ECML PKDD, the European Conference on Machine Learning and Principles and Practice of Knowledge Discovery in Databases},
  volume       = ,
  pages        = 
}

@ARTICLE{Boutell,
  key          = {Boutell et al., 2004},
  author       = {M. Boutell, J. Luo, X. Shen, and C. Brown},
  year         = 2004,
  title        = {Learning multi-label scene classification},
  journal      = {Pattern Recognition},
  volume       = 37,
  pages        = 1757--1771
}

@ARTICLE{Chen,
  key          = {Chen et al., 2007},
  author       = {W. Chen, J. Yan, B. Zhang, Z. Chen, and Q. Yang},
  year         = 2007,
  title        = {Document transformation for multi-label feature selection in text categorization},
  journal      = {Artificial Intelligence},
  volume       = ,
  pages        = 451--456
}

@ARTICLE{Hullermeier,
  key          = {Hüllermeier et al., 2008},
  author       = {E. Hüllermeier, J. Fürnkranz, W. Cheng, K. Bringer},
  year         = 2008,
  title        = {Label ranking by learning pairwise preferences},
  journal      = {7th IEEE International Conference on Data Mining},
  volume       = ,
  pages        = 
}

@ARTICLE{Mencia,
  key          = {Mencia e Fürnkranz, 2008},
  author       = {E. Loza Mencia, J. Fürnkranz},
  year         = 2008,
  title        = {Pairwise learning of multilabel classifications with perceptrons},
  journal      = {IEEE International Joint Conference on Neural Networks (IJCNN-08)},
  volume       = ,
  pages        = 2900--2907
}

@ARTICLE{Furnkranz,
  key          = {Furnkranz et al., 2008},
  author       = {J. Fürnkranz, E. Hüllermeier, E. Loza Mencia, K. Brinker},
  year         = 2008,
  title        = {Multilabel classification via calibrated label ranking},
  journal      = {Machine Learning},
  volume       = ,
  pages        = 
}

@ARTICLE{Hall,
  key          = {Hall et al., 2009},
  author       = {Mark Hall, Eibe Frank, Geoffrey Holmes, Bernhard Pfahringer, Peter Reutemann, Ian H. Witten},
  year         = 2009,
  title        = {The WEKA Data Mining Software: An Update},
  journal      = {SIGKDD Explorations},
  volume       = 11,
  pages        = ,
  issue        = 1
}